<record><leader>00000cas a22000007a 4500</leader><controlfield tag="001">25643523</controlfield><controlfield tag="008">920414d18911897mouwr ne      0    0eng d</controlfield><datafield ind1=" " ind2=" " tag="010"><subfield code="a">sn 92058858 </subfield></datafield><datafield ind1=" " ind2=" " tag="040"><subfield code="a">MQN</subfield><subfield code="b">eng</subfield><subfield code="c">MQN</subfield><subfield code="d">OCLCQ</subfield><subfield code="d">OCLCF</subfield><subfield code="d">OCLCO</subfield></datafield><datafield ind1=" " ind2=" " tag="042"><subfield code="a">msc</subfield></datafield><datafield ind1=" " ind2=" " tag="043"><subfield code="a">n-us-mo</subfield></datafield><datafield ind1="0" ind2="0" tag="245"><subfield code="a">Holt County Democrat.</subfield></datafield><datafield ind1="3" ind2="0" tag="246"><subfield code="a">Holt Co. Democrat</subfield></datafield><datafield ind1=" " ind2=" " tag="260"><subfield code="a">Oregon, Mo. :</subfield><subfield code="b">J.S. Rigdon</subfield></datafield><datafield ind1=" " ind2=" " tag="300"><subfield code="a">v.</subfield></datafield><datafield ind1=" " ind2=" " tag="310"><subfield code="a">Weekly</subfield></datafield><datafield ind1="1" ind2=" " tag="362"><subfield code="a">Began in 1891?</subfield></datafield><datafield ind1="0" ind2=" " tag="362"><subfield code="a">-v. 3, no. 47 (Sept. 7, 1897).</subfield></datafield><datafield ind1=" " ind2=" " tag="500"><subfield code="a">Publication moved to: Mound City, Mo.: Apr. 27, 1897.</subfield></datafield><datafield ind1=" " ind2=" " tag="580"><subfield code="a">Merged with: Craig courier, and: Mound City times, to form: Democrat-courier?</subfield></datafield><datafield ind1=" " ind2=" " tag="588"><subfield code="a">Description based on: Vol. 2, no. 31 (Mar. 31, 1893).</subfield></datafield><datafield ind1=" " ind2="0" tag="651"><subfield code="a">Holt County (Mo.)</subfield><subfield code="v">Newspapers.</subfield></datafield><datafield ind1=" " ind2="7" tag="655"><subfield code="a">Newspapers.</subfield><subfield code="2">fast</subfield><subfield code="0">(OCoLC)fst01423814</subfield></datafield><datafield ind1=" " ind2="7" tag="651"><subfield code="a">Missouri</subfield><subfield code="z">Holt County.</subfield><subfield code="2">fast</subfield><subfield code="0">(OCoLC)fst01219647</subfield></datafield><datafield ind1=" " ind2=" " tag="752"><subfield code="a">United States</subfield><subfield code="b">Missouri</subfield><subfield code="c">Holt</subfield><subfield code="d">Mound City.</subfield></datafield><datafield ind1=" " ind2=" " tag="752"><subfield code="a">United States</subfield><subfield code="b">Missouri</subfield><subfield code="c">Holt</subfield><subfield code="d">Oregon.</subfield></datafield><datafield ind1="1" ind2="7" tag="785"><subfield code="t">Craig courier</subfield></datafield><datafield ind1="1" ind2="7" tag="785"><subfield code="t">Mound City times</subfield><subfield code="w">(DLC)sn 90061300</subfield></datafield><datafield ind1="1" ind2="7" tag="785"><subfield code="t">Democrat-courier</subfield></datafield></record>